% This file was created with JabRef 2.7b.
% Encoding: ISO8859_1

@MANUAL{alves_2001,
  title = {Como fazer referências},
  author = {{ALVES, Maria Bernardete Martins; ARRUDA, Susana Margareth}},
  address = {Florianópolis: Universidade Federal de Santa Catarina, Biblioteca
	Universitária},
  year = {c2001},
  urlaccessdate = {11 jun. 2013},
  owner = {roberto},
  subtitle = {bibliográficas, eletrônicas e demais formas de documento},
  timestamp = {2013.06.10},
  url = {http://www.bu.ufsc.br/design/framerefer.php}
}

@MANUAL{abnt6024,
  title = {NBR 6024},
  author = {{ASSOCIAÇÃO BRASILEIRA DE NORMAS TÉCNICAS}},
  address = {Rio de Janeiro},
  year = {2012},
  subtitle = {informação e documentação: numeração progressiva das seções de um
	documento escrito: apresentação}
}

@MANUAL{abnt14724,
  title = {NBR 14724},
  author = {{ASSOCIAÇÃO BRASILEIRA DE NORMAS TÉCNICAS}},
  address = {Rio de Janeiro},
  year = {2011},
  pages = {11},
  subtitle = {informação e documentação: trabalhos acadêmicos: apresentação}
}

@MANUAL{abnt10520,
  title = {NBR 10520},
  author = {{ASSOCIAÇÃO BRASILEIRA DE NORMAS TÉCNICAS}},
  address = {Rio de Janeiro},
  year = {2002},
  pages = {7},
  subtitle = {informação e documentação: citações em documentos: apresentação}
}

@MANUAL{BU_formatoA5,
  title = {Trabalho acadêmico},
  subtitle = {guia fácil para diagramação: formato A5.},
  author = {{UNIVERSIDADE FEDERAL DE SANTA CATARINA. Biblioteca Universitária.}},
  address = {Florianópolis},
  year = {2009},
  comment = {Acesso em: 11 abr. 2013},
  owner = {roberto},
  timestamp = {2013.06.10},
  url = {http://www.bu.ufsc.br/design/GuiaRapido2012.pdf},
  urlaccessdate = {11 jun. 2013}
}

