@Book{          Sipser2006,
    title     = {Introduction to the Theory of Computation},
    author    = {Michael Sipser},
    year      = {2006},
    editor    = {Mac Menderlsohn},
    publisher = {Thomson Course Technology},
    isbn      = {978-0-534-95097-3},
    edition   = {second edition}
}
